<?xml version="1.0" encoding="UTF-8"?><record xmlns="http://www.loc.gov/MARC21/slim" xmlns:cinclude="http://apache.org/cocoon/include/1.0" xmlns:zs="http://www.loc.gov/zing/srw/">
  <leader>00518cz  a2200133n  4500</leader>
  <controlfield tag="001">n  86102081 </controlfield>
  <controlfield tag="003">DLC</controlfield>
  <controlfield tag="005">19970710201428.9</controlfield>
  <controlfield tag="008">861110n| acannaab|          |n aaa |||  </controlfield>
  <datafield tag="010" ind1=" " ind2=" ">
    <subfield code="a">n  86102081 </subfield>
  </datafield>
  <datafield tag="040" ind1=" " ind2=" ">
    <subfield code="a">DLC</subfield>
    <subfield code="c">DLC</subfield>
    <subfield code="d">DLC</subfield>
  </datafield>
  <datafield tag="100" ind1="1" ind2="0">
    <subfield code="a">Bodin, Lars-Gunnar,</subfield>
    <subfield code="d">1935-</subfield>
  </datafield>
  <datafield tag="670" ind1=" " ind2=" ">
    <subfield code="a">Johnson, B.E. Soliloquium [SR] p1981:</subfield>
    <subfield code="b">label (Lars-Gunnar Bodin) insert p. 2 (b. 1935)</subfield>
  </datafield>
  <datafield tag="670" ind1=" " ind2=" ">
    <subfield code="a">Baker's biographical dictionary of twentieth-century classical musicians, 1997</subfield>
    <subfield code="b">(Bodin, Lars-Gunnar; b. July 15, 1935, Stockholm; Swedish composer)</subfield>
  </datafield>
</record>